@misc{ist:leic:resumos:agentes,
    author = "{LEIC - Departamento de Engenharia Informática, Instituto Superior Técnico}",
    title = "{Agentes - Resumos LEIC}",
    year = {2024},
    url = "https://resumos.leic.pt/ia/agentes/",
    note = "[Online; accessed April 16, 2024]",
}

@misc{isel:iasa:slides:ia-intro,
    author = "{Luis Morgado}",
    title = "{Inteligência Artificial - Introdução}",
    year = {2024},
    note = "[Online; accessed April 16, 2024]",
}

@misc{isel:iasa:slides:intro-eng-soft-parte-1,
    author = "{Luis Morgado}",
    title = "{Introdução à Engenharia de Software - Parte 1}",
    year = {2024},
    note = "[Online; accessed April 17, 2024]",
}

@misc{isel:iasa:slides:intro-eng-soft-parte-2,
    author = "{Luis Morgado}",
    title = "{Introdução à Engenharia de Software - Parte 2}",
    year = {2024},
    note = "[Online; accessed April 17, 2024]",
}

@misc{isel:iasa:slides:intro-eng-soft-parte-3,
    author = "{Luis Morgado}",
    title = "{Introdução à Engenharia de Software - Parte 3}",
    year = {2024},
    note = "[Online; accessed April 23, 2024]",
}

@misc{isel:iasa:slides:arq-agentes-reativos-parte-1,
    author = "{Luis Morgado}",
    title = "{Arquitetura de Agentes Reativos - Parte 1}",
    year = {2024},
    note = "[Online; accessed April 23, 2024]",
}

@misc{isel:iasa:slides:arq-agentes-reativos-parte-2,
    author = "{Luis Morgado}",
    title = "{Arquitetura de Agentes Reativos - Parte 2}",
    year = {2024},
    note = "[Online; accessed April 24, 2024]",
}

@misc{isel:iasa:slides:sae-documentacao,
    author = "{Luis Morgado}",
    title = "{Simulador de Ambiente de Execução - Documentação}",
    year = {2024},
    note = "[Online; accessed April 24, 2024]",
}

@misc{isel:iasa:slides:arq-agentes-reativos-parte-3,
    author = "{Luis Morgado}",
    title = "{Arquitetura de Agentes Reativos - Parte 3}",
    year = {2024},
    note = "[Online; accessed April 24, 2024]",
}

@article{freecodecamp:state-machines,
    author = "{Eddie Jaoude}",
    title = "{State Machines: Basics of Computer Science}",
    journal = {freeCodeCamp.org},
    year = {2019},
    url = "{https://www.freecodecamp.org/news/state-machines-basics-of-computer-science-d42855debc66/}",
    note = "[Online; accessed April 23, 2024]",
}

@misc{wiki:finite-state-machine,
    title = "{Finite-state machine}",
    author = "{Wikipedia contributors}",
    year = {2024},
    url = "{https://en.wikipedia.org/wiki/Finite-state_machine}",
    note = "{Online; accessed April 23, 2024}",
}

@misc{isel:iasa:slides:racicionio-automatico,
    author = "{Luis Morgado}",
    title = "{Raciocínio Automático}",
    year = {2024},
    note = "[Online; accessed May 5, 2024]",
}

@misc{stanford:fp:function-predicates,
    author = "{Stanford University}",
    title = "{Functional Programming}",
    year = {2024},
    url = "{https://dcl-prog.stanford.edu/function-predicate.html}",
    note = "[Online; accessed May 5, 2024]",
}

@misc{isel:iasa:slides:proc-espaco-estados-parte-1,
    author = "{Luis Morgado}",
    title = "{Procura em Espaço de Estados - Parte 1}",
    year = {2024},
    note = "[Online; accessed May 5, 2024]",
}

@misc{isel:iasa:slides:proc-espaco-estados-parte-2,
    author = "{Luis Morgado}",
    title = "{Procura em Espaço de Estados - Parte 2}",
    year = {2024},
    note = "[Online; accessed May 8, 2024]",
}

@misc{isel:iasa:slides:proc-espaco-estados-parte-3,
    author = "{Luis Morgado}",
    title = "{Procura em Espaço de Estados - Parte 3}",
    year = {2024},
    note = "[Online; accessed May 13, 2024]",
}

@misc{ist:leic:resumos:procura-cega,
    author = "{LEIC - Departamento de Engenharia Informática, Instituto Superior Técnico}",
    title = "{Procura Cega - Resumos LEIC}",
    year = {2024},
    url = "{https://resumos.leic.pt/ia/procura-cega/}",
    note = "[Online; accessed May 5, 2024]",
}
